@book{eid2017statistik,
  title     = {Statistik und Forschungsmethoden},
  author    = {Eid, Michael and Gollwitzer, Mario and Schmitt, Manfred},
  year      = {2017},
  publisher = {Beltz}
}

@misc{botek2023,
  title        = {{BTA - System}},
  howpublished = {\url{https://www.botek.de/en/deep-hole-drilling/bta-system/}},
  year         = {2023},
  address      = {Längenfeldstrasse 4, 72585 Riederich, Germany},
  author       = {{Botek Präzisionsbohrtechnik GmbH}},
  url          = {https://www.botek.de/en/deep-hole-drilling/bta-system/},
  urldate      = {2023-07-26}
}

@inproceedings{raabe2010dynamic,
  title        = {Dynamic disturbances in BTA deep-Hole drilling: Modelling chatter and spiralling as regenerative effects},
  author       = {Raabe, Nils and Enk, Dirk and Biermann, Dirk and Weihs, Claus},
  booktitle    = {Advances in Data Analysis, Data Handling and Business Intelligence: Proceedings of the 32nd Annual Conference of the Gesellschaft f{\"u}r Klassifikation eV, Joint Conference with the British Classification Society (BCS) and the Dutch/Flemish Classification Society (VOC), Helmut-Schmidt-University, Hamburg, July 16-18, 2008},
  pages        = {745-754},
  year         = {2010},
  organization = {Springer}
}

@phdthesis{theis2004modelling,
  title  = {Modelling varying amplitudes},
  author = {Theis, Winfried},
  year   = {2004},
  school = {Universität Dortmund}
}

@inproceedings{weinert2001statistics,
  title        = {Statistics and time series analyses of BTA deep hole drilling},
  author       = {Weinert, Klaus and Webber, Oliver and H{\"u}sken, M and Mehnen, Jorn},
  booktitle    = {International Conference on Non-linear Dynamics in Mechanical Processing},
  year         = {2001},
  organization = {Citeseer}
}

@book{python,
  author    = {Rossum, Guido Van and Drake, Fred L. },
  title     = {Python 3 Reference Manual},
  year      = {2009},
  isbn      = {1441412697},
  publisher = {CreateSpace},
  address   = {Scotts Valley, CA}
}


@article{matplotlib,
  author    = {Hunter, John D.},
  title     = {Matplotlib: A 2D graphics environment},
  journal   = {Computing in Science \& Engineering},
  volume    = {9},
  number    = {3},
  pages     = {90--95},
  abstract  = {Matplotlib is a 2D graphics package used for Python for
               application development, interactive scripting, and publication-quality
               image generation across user interfaces and operating systems.},
  publisher = {IEEE COMPUTER SOC},
  doi       = {10.1109/MCSE.2007.55},
  year      = 2007
}

@misc{polars,
  title        = {polars: A Python data manipulation library},
  author       = {{pola-rs}},
  howpublished = {\url{https://github.com/pola-rs/polars}},
  year         = {2023}
}

@misc{gx1convert,
  title        = {gx1convert},
  author       = {Tadeo Hepperle},
  year         = {2023},
  howpublished = {\url{https://pypi.org/project/gx1convert/0.1.3/}}
}

@book{SASPWEB2011,
  author    = {Julius O. Smith},
  title     = {Spectral Audio Signal Processing},
  publisher = {http://ccrma.stanford.edu/~jos/sasp/},
  year      = {2023},
  note      = {online book, 2011 edition}
}

@book{deistler2022time,
  title     = {Time Series Models},
  author    = {Deistler, Manfred and Scherrer, Wolfgang},
  volume    = {224},
  year      = {2022},
  publisher = {Springer Nature}
}

@techreport{Tiefbohrverfahren,
  title       = {Tiefbohrverfahren},
  author      = {{VDI-Richtlinie 3210}},
  year        = {1996},
  institution = {Beuth-Verlag},
  address     = {Berlin}
}

@misc{UNISIGBTA,
  author       = {{UNISIG GmbH}},
  title        = {What is BTA Drilling - UNISIG Deep Hole Drilling Machines},
  howpublished = {\url{https://unisig.com/information-and-resources/what-is-deep-hole-drilling/what-is-bta-drilling/}},
  note         = {Accessed: 2023-07-26},
  year         = {2023}
}

@misc{DAQLOGTEAC,
  author       = {{DAQLOG Systems Ltd}},
  title        = {{TEAC GX-1}},
  year         = {2023},
  howpublished = {\url{https://daqlogsystems.co.uk/product/teac-gx-1/}},
  address      = {Brixham Laboratory, Freshwater Quarry, Brixham, TQ5 8BA},
  note         = {Accessed: 2023-07-26}
}
